@inproceedings{MooreStouchKeneralizedEkf2014,
  author    = {T. Moore and D. Stouch},
  title     = {A Generalized Extended Kalman Filter Implementation for the Robot Operating System},
  year      = {2014},
  month     = {Juli},
  booktitle = {Proceedings of the 13th International Conference on Intelligent Autonomous Systems (IAS-13)},
  publisher = {Springer}
}

@misc{REP105,
    author = {Wim Meeussen},
    title = {Coordinate Frames for Mobile Platforms},
    year = {2010},
    month = {Oktober},
    howpublished = {\url{https://www.ros.org/reps/rep-0105.html}}
}

@article{kellenberg,
    author = {Kellenberg, Derek and Mobarak, A. Mushfiq},
    title = {The Economics of Natural Disasters},
    journal = {Annual Review of Resource Economics},
    volume = {3},
    number = {1},
    pages = {297-312},
    year = {2011},
    doi = {10.1146/annurev-resource-073009-104211},
    url = {https://doi.org/10.1146/annurev-resource-073009-104211},
    eprint = {https://doi.org/10.1146/annurev-resource-073009-104211}
}

@article{surveyDisasterRobotics,
    author = {Jorge, Vitor A. M. and Granada, Roger and Maidana, Renan G. and Jurak, Darlan A. and Heck, Guilherme and Negreiros, Alvaro P. F. and dos Santos, Davi H. and Gonçalves, Luiz M. G. and Amory, Alexandre M.},
    title = {A Survey on Unmanned Surface Vehicles for Disaster Robotics: Main Challenges and Directions},
    journal = {Sensors},
    volume = {19},
    year = {2019},
    number = {3},
    article-number = {702},
    url = {https://www.mdpi.com/1424-8220/19/3/702},
    issn = {1424-8220},
}

@article{bellingham,
    author = {Bellingham, James and Rajan, Kanna},
    year = {2007},
    month = {12},
    pages = {1098-102},
    title = {Robotics in Remote and Hostile Environments},
    volume = {318},
    journal = {Science (New York, N.Y.)},
    doi = {10.1126/science.1146230}
}

@article{coley2015,
    author = {K. Coley},
    title = {Unmanned Surface Vehicles: The Future of Data-Collection}, 
    journal = {Ocean Chall},
    volume = {21},
    pages = {14–15}, 
    year = {2015}
}

@misc{zheng2019ros,
    title = {ROS Navigation Tuning Guide}, 
    author = {Kaiyu Zheng},
    year = {2019},
    month = {Juni},
    eprint = {1706.09068},
    archivePrefix = {arXiv},
    primaryClass = {cs.RO},
    howpublished = {\url{https://arxiv.org/abs/1706.09068}}
}

@article{webster2002,
    ISSN = {02767783},
    url = {http://www.jstor.org/stable/4132319},
    author = {Jane Webster and Richard T. Watson},
    journal = {MIS Quarterly},
    number = {2},
    pages = {xiii--xxiii},
    publisher = {Management Information Systems Research Center, University of Minnesota},
    title = {Analyzing the Past to Prepare for the Future: Writing a Literature Review},
    volume = {26},
    year = {2002}
}

@article{googlescholar,
    doi = {10.1108/14684520510598066},
    author = {Jacsó Péter},
    title = {Google Scholar: the pros and the cons},
    journal = {Online Information Review},
    volume = {29},
    number = {2},
    year = {2005},
    pages = {208-214}
}

@misc{rosdistros,
    author = {Open Robotics},
    title = {Distributions},
    year = {2020},
    month = {Juni},
    howpublished = {\url{http://wiki.ros.org/Distributions}}
}

@article{paravisi2019,
    author = {Paravisi, Marcelo and H. Santos, Davi and Jorge, Vitor and Heck, Guilherme and Gonçalves, Luiz Marcos and Amory, Alexandre},
    title = {Unmanned Surface Vehicle Simulator with Realistic Environmental Disturbances},
    journal = {Sensors},
    volume = {19},
    year = {2019},
    number = {5},
    article-number = {1068},
    url = {https://www.mdpi.com/1424-8220/19/5/1068},
    issn = {1424-8220},
    doi = {10.3390/s19051068}
}
